@inproceedings{Zaharia:2012:RDD:2228298.2228301,
 author = {Zaharia, Matei and Chowdhury, Mosharaf and Das, Tathagata and Dave, Ankur and Ma, Justin and McCauley, Murphy and Franklin, Michael J. and Shenker, Scott and Stoica, Ion},
 title = {Resilient Distributed Datasets: A Fault-tolerant Abstraction for In-memory Cluster Computing},
 booktitle = {Proceedings of the 9th USENIX Conference on Networked Systems Design and Implementation},
 series = {NSDI'12},
 year = {2012},
 location = {San Jose, CA},
 pages = {2--2},
 numpages = {1},
 url = {http://dl.acm.org/citation.cfm?id=2228298.2228301},
 acmid = {2228301},
 publisher = {USENIX Association},
 address = {Berkeley, CA, USA},
}
@incollection{PyMC3,
	title = {Probabilistic programming in Python using PyMC3},
	author = {Salvatier J., Wiecki T.V., Fonnesbeck C.},
	booktitle = {PeerJ Computer Science},
	year = {2016},
	url = {https://doi.org/10.7717/peerj-cs.55}
}
